<?xml version="1.0" encoding="UTF-8"?><collection xmlns="http://www.loc.gov/MARC21/slim"><record><leader>00412nam--2200133-i-4500</leader><controlfield tag="001">000022316</controlfield><controlfield tag="002">20161230</controlfield><controlfield tag="005">20161230201034</controlfield><controlfield tag="008">060222s1000------------r-----000-0-eng-d</controlfield><datafield ind1=" " ind2=" " tag="100"><subfield code="a">Jancel, R</subfield></datafield><datafield ind1=" " ind2=" " tag="245"><subfield code="a">Les fondaments de la mecanique statistique classique et quantique</subfield></datafield><datafield ind1=" " ind2=" " tag="260"><subfield code="a">Paris, Gauthier-villars, 1963, Xxvi + 304 P</subfield></datafield><datafield ind1=" " ind2=" " tag="490"><subfield code="a">Traite De Physique Theorique Et De Physique Mathematique</subfield></datafield><datafield ind1=" " ind2=" " tag="852"><subfield code="a">10381</subfield></datafield></record></collection>